@article{temporary02,
    author  = "Temporary",
    title   = "{D}iscovery of {P}leiades {C}luster {N}etwork ({DPCN})",
    year    = "2002",
    journal = "Temporary",
    volume  = "99",
    number  = "9",
    pages   = "99--999"
}
